@string{icml = "{International Conference on Machine Learning}"}
@string{ecml = "{European Conference on Machine Learning}"}
@string{aaai = "{AAAI Conference on Artificial Intelligence}"}
@string{nips = "{Neural Information Processing Systems}"}
@string{kdd = "{ACM SIGKDD International Conference on Knowledge Discovery and Data Mining}"}
@string{jmlr = "{Journal of Machine Learning Research}"}
@string{jair = "{Journal of Artificial Intelligence Research}"}
@string{uai = "{Annual Conference on Uncertainty in Artificial Intelligence}"}
@string{sigmod = "{ACM SIGMOD International Conference on Management of Data}"}
@string{ijcai = "{International Joint Conference on Artificial Intelligence}"}
@string{icec = "{ACM International Conference on Electronic Commerce}"}
@string{sigir = "{ACM SIGIR Conference on Research and Development in Information Retrieval}"}
@string{ml = "{Machine Learning}"}
@string{tkde = "{IEEE Transactions on Knowledge and Data Engineering}"}
