% This file was created with JabRef 2.8.1.
% Encoding: Cp1252


@article{lee:aaai11,
  author = {Lee, Kyumin and Eoff, BD and Caverlee, James},
  journal = {Proceedings of the Fifth International AAAI Conference on Weblogs and Social Media (ICWSM)},
  title = {{Seven Months with the Devils: A Long-Term Study of Content Polluters on Twitter.}},
  year = {2011}
}


%%=======================
@INPROCEEDINGS{abe:icml98,
  author = {Naoki Abe and Hiroshi Mamitsuka},
  title = {Query Learning Strategies Using Boosting and Bagging},
  booktitle = icml,
  year = {1998},
  pages = {1--9}
}

@INPROCEEDINGS{ahmed:w4a12,
  author = {Ahmed, Faisal and Borodin, Yevgen and Puzis, Yury and Ramakrishnan, I. V.},
  booktitle = {Proceedings of the International Cross-Disciplinary Conference on Web Accessibility - W4A '12},
  month = apr,
  pages = {1},
  publisher = {ACM Press},
  title = {{Why read if you can skim: Towards Enabling Faster Screen Reading}},
  year = {2012}
}


@ARTICLE{ambati:lrec10,
  author = {Ambati, V. and Vogel, S. and Carbonell, J.},
  title = {Active learning and crowd-sourcing for machine translation},
  journal = {Language Resources and Evaluation (LREC)},
  year = {2010}
}

@INPROCEEDINGS{anderson:icml05,
  author = {B. Anderson and A. Moore},
  title = {Active Learning for Hidden {M}arkov Models: Objective Functions and
	Algorithms},
  booktitle = icml,
  year = {2005}
}

@INPROCEEDINGS{angluin:colt01,
  author = {Dana Angluin},
  title = {Queries Revisited},
  booktitle = {International Conference on Algorithmic Learning Theory},
  year = {2001},
  pages = {12--31}
}

@ARTICLE{angluin:ml88,
  author = {Dana Angluin},
  title = {Queries and Concept Learning},
  journal = ml,
  year = {1988},
  volume = {2},
  pages = {319--342},
  number = {4}
}


@article{larsen:mitpress99,
  title={A trainable summarizer with knowledge acquired from robust NLP techniques},
  author={Larsen, Bjornar},
  journal={Advances in automatic text summarization},
  pages={71},
  year={1999},
  publisher={MIT Press}
}
@INPROCEEDINGS{arnt:ubdm05,
  author = {Andrew Arnt and Shlomo Zilberstein},
  title = {Learning policies for 
  ceedings of the 1st international workshop on Utility-based
	data mining},
  year = {2005},
  pages = {39--45}
}

@INPROCEEDINGS{attenberg:ecml10,
  author = {Attenberg, Josh and Melville, Prem and Provost, Foster},
  title = {A unified approach to active dual supervision for labeling features
	and examples},
  booktitle = {European conference on Machine learning and knowledge discovery in
	databases},
  year = {2010},
  pages = {40--55}
}

@INPROCEEDINGS{baldridge:emnlp04,
  author = {J. Baldridge and M. Osborne},
  title = {{Active learning and the total cost of annotation}},
  booktitle = {Proceedings of the Conference on Empirical Methods in Natural Language
	Processing},
  year = {2004},
  pages = {9--16}
}
@article{barzilay:aats99,
  title={Using lexical chains for text summarization},
  author={Barzilay, Regina and Elhadad, Michael},
  journal={Advances in automatic text summarization},
  pages={111--121},
  year={1999}
}
@INPROCEEDINGS{bayer-zubek:uai04,
  author = {Valentina Bayer-Zubek},
  title = {Learning diagnostic policies from examples by systematic search},
  booktitle = uai,
  year = {2004}
}

@INPROCEEDINGS{bayer-zubek:icml02,
  author = {Valentina Bayer-Zubek and Thomas G. Dietterich},
  title = {Pruning Improves Heuristic Search for Cost-Sensitive Learning},
  booktitle = icml,
  year = {2002},
  pages = {19--26}
}
@article{baxendale:ibm58,
  title={Machine-made index for technical literature: an experiment},
  author={Baxendale, Phyllis B},
  journal={IBM Journal of Research and Development},
  volume={2},
  number={4},
  pages={354--361},
  year={1958},
  publisher={IBM Corp.}
}
@BOOK{bellman:book62,
  title = {Applied Dynamic Programming},
  publisher = {Princeton University Press},
  year = {1962},
  author = {Richard Bellman and Stuart E Dreyfus}
}

@misc{beineke:aaai14-symp,
  author	= {Beineke, Philip and Hastie, Trevor and Manning, Christopher and Vaithyanathan, Shivakumar},
  booktitle	= {AAAI Spring Symposium},
  title		= {{Exploring Sentiment Summarization}},
  year	= {2004}
}
@ARTICLE{besag:jrss86,
  author = {J. Besag},
  title = {On the statistical analysis of dirty pictures},
  journal = {Journal of the Royal Statistical Society},
  year = {1986},
  volume = {48},
  pages = {259--302},
  number = {3}
}

@MISC{bilgic:ugt04,
  author = {Mustafa Bilgic},
  title = {Explanation for Recommendation Systems: Satisfaction vs Promotion},
  howpublished = {Undergraduate Honor Thesis, Computer Sciences, University of Texas
	at Austin},
  month = may,
  year = {2004}
}

@ARTICLE{bilgic:jair11,
  author = {Bilgic, Mustafa and Getoor, Lise},
  title = {Value of Information Lattice: Exploiting Probabilistic Independence
	for Effective Feature Subset Acquisition},
  journal = {Journal of Artificial Intelligence Research (JAIR)},
  year = {2011},
  volume = {41},
  pages = {69--95}
}

@INPROCEEDINGS{bilgic:aaai10,
  author = {Mustafa Bilgic and Lise Getoor},
  title = {Active Inference for Collective Classification},
  booktitle = {Twenty-Fourth Conference on Artificial Intelligence (AAAI NECTAR
	Track)},
  year = {2010}
}

@INPROCEEDINGS{bilgic:nips09-wkshp,
  author = {Mustafa Bilgic and Lise Getoor},
  title = {Link-based Active Learning},
  booktitle = {NIPS Workshop on Analyzing Networks and Learning with Graphs},
  year = {2009}
}

@ARTICLE{bilgic:tkdd09,
  author = {Mustafa Bilgic and Lise Getoor},
  title = {Reflect and Correct: {A} Misclassification Prediction Approach to
	Active Inference},
  journal = {ACM Transactions on Knowledge Discovery from Data},
  year = {2009},
  volume = {3},
  pages = {1--32},
  number = {4}
}

@INPROCEEDINGS{bilgic:kdd08,
  author = {Mustafa Bilgic and Lise Getoor},
  title = {Effective Label Acquisition for Collective Classification},
  booktitle = {ACM SIGKDD International Conference on Knowledge Discovery and Data
	Mining},
  year = {2008},
  pages = {43--51}
}

@INPROCEEDINGS{bilgic:aaai07,
  author = {Mustafa Bilgic and Lise Getoor},
  title = {{VOILA}: Efficient Feature-value Acquisition for Classification},
  booktitle = aaai,
  year = {2007},
  pages = {1225--1230}
}

@INPROCEEDINGS{bilgic:vast06,
  author = {Mustafa Bilgic and Louis Licamele and Lise Getoor and Ben Shneiderman},
  title = {{D-Dupe}: An Interactive Tool for Entity Resolution in Social Networks},
  booktitle = {IEEE Visual Analytics Science and Technology (VAST)},
  year = {2006}
}

@INPROCEEDINGS{bilgic:gd05,
  author = {Mustafa Bilgic and Louis Licamele and Lise Getoor and Ben Shneiderman},
  title = {{D-Dupe}: An Interactive Tool for Entity Resolution in Social Networks},
  booktitle = {International Symposium on Graph Drawing (GD)},
  year = {2005}
}

@INPROCEEDINGS{bilgic:icml10,
  author = {Mustafa Bilgic and Lilyana Mihalkova and Lise Getoor},
  title = {Active Learning for Networked Data},
  booktitle = {Proceedings of the 27th International Conference on Machine Learning
	(ICML-10)},
  year = {2010}
}

@INPROCEEDINGS{bilgic:iui05-wkshp,
  author = {Mustafa Bilgic and Raymond Mooney},
  title = {Explaining Recommendations: Satisfaction vs. Promotion},
  booktitle = {Beyond Personalization: A Workshop on the Next Stage of Recommender
	Systems Research at the International Conference on Intelligent User
	Interfaces},
  year = {2005}
}

@INPROCEEDINGS{bilgic:icdm07-wkshp,
  author = {Mustafa Bilgic and Galileo Mark Namata and Lise Getoor},
  title = {Combining Collective Classification and Link Prediction},
  booktitle = {IEEE ICDM Workshop on Mining Graphs and Complex Structures},
  year = {2007}
}

@book{bird:book09,
  title               = {Natural language processing with Python},
  author              = {Bird, Steven and Klein, Ewan and Loper, Edward},
  year                = {2009},
  publisher           = {O'Reilly Media, Inc.}
}

@INPROCEEDINGS{blum:icml01,
  author = {Avrim Blum and Shuchi Chawla},
  title = {Learning from Labeled and Unlabeled Data using Graph Mincuts},
  booktitle = icml,
  year = {2001},
  pages = {19--26}
}

@ARTICLE{bradley:pr97,
  author = {Andrew P. Bradley},
  title = {The use of the area under the ROC curve in the evaluation of machine
	learning algorithms},
  journal = {Pattern Recognition},
  year = {1997},
  pages = {1145--1159}
}

@ARTICLE{breiman:ml96,
  author = {Leo Breiman},
  title = {Bagging predictors},
  journal = ml,
  year = {1996},
  volume = {24},
  pages = {123--140},
  number = {2}
}

@INPROCEEDINGS{burges:nips06,
  author = {Christopher J. C. Burges and Robert Ragno and Quoc Viet Le},
  title = {Learning to Rank with Nonsmooth Cost Functions},
  booktitle = {Proceedings of the Neural Information Processing Systems (NIPS)},
  year = {2006},
  pages = {193--200}
}

@INPROCEEDINGS{caruana:icml06,
  author = {Rich Caruana and Alexandru Niculescu-mizil},
  title = {An Empirical Comparison of Supervised Learning Algorithms},
  booktitle = {In Proc. 23 rd Intl. Conf. Machine learning (ICML’06},
  year = {2006},
  pages = {161--168}
}

@INPROCEEDINGS{chai:icdm04,
  author = {Xiaoyong Chai and Lin Deng and Qiang Yang and Charles X. Ling},
  title = {Test-Cost Sensitive Naive Bayes Classification.},
  booktitle = {Proc. of Int. Conf. on Data Mining},
  year = {2004}
}

@INPROCEEDINGS{chakrabarti:sigmod98,
  author = {Soumen Chakrabarti and Byron Dom and Piotr Indyk},
  title = {Enhanced hypertext categorization using hyperlinks},
  booktitle = sigmod,
  year = {1998},
  pages = {307--318}
}

@ARTICLE{chawla:jair02,
  author = {Nitesh V. Chawla and Kevin W. Bowyer and Lawrence O. Hall and W.
	Philip Kegelmeyer},
  title = {SMOTE: Synthetic Minority Over-sampling Technique},
  journal = jair,
  year = {2002},
  pages = {321--357}
}

@INPROCEEDINGS{chen:nips09-wkshp,
  author = {Daozheng Chen and Mustafa Bilgic and Lise Getoor and David Jacobs},
  title = {Efficient Resource-constrained Retrospective Analysis of Long Video
	Sequences},
  booktitle = {NIPS Workshop on Adaptive Sensing, Active Learning and Experimental
	Design: Theory, Methods and Applications},
  year = {2009}
}

@MISC{chen:pami,
  author = {Daozheng Chen and Mustafa Bilgic and Lise Getoor and David Jacobs},
  title = {Dynamic Processing Allocation in Video},
  howpublished = {Submitted to IEEE Pattern Analysis and Machine Intelligence (PAMI)},
  year = {2009}
}

@INPROCEEDINGS{cohn:nips97,
  author = {David A. Cohn},
  title = {Minimizing Statistical Bias with Queries},
  booktitle = {Advances in Neural Information Processing Systems},
  year = {1997},
  pages = {417--423}
}

@ARTICLE{cohn:nn96,
  author = {David A. Cohn},
  title = {Neural network exploration using optimal experiment design},
  journal = {Neural Networks},
  year = {1996},
  volume = {9},
  pages = {1071--1083},
  number = {6}
}

@ARTICLE{cohn:jair96,
  author = {David A. Cohn and Zoubin Ghahramani and Michael I. Jordan},
  title = {Active Learning with Statistical Models},
  journal = jair,
  year = {1996},
  volume = {4},
  pages = {129--145}
}

@ARTICLE{cohn:ml94,
  author = {David Cohn and Les Atlas and Richard Ladner},
  title = {Improving Generalization with Active Learning},
  journal = {Machine Learning},
  year = {1994},
  volume = {15},
  pages = {201--221},
  number = {2}
}

@ARTICLE{cortes:ml95,
  author = {Corinna Cortes and Vladimir Vapnik},
  title = {Support-Vector Networks},
  journal = ml,
  year = {1995},
  volume = {20},
  pages = {273--297},
  number = {3}
}

@BOOK{cover:book91,
  title = {Elements of information theory},
  publisher = {Wiley-Interscience},
  year = {1991},
  author = {Cover, Thomas M. and Thomas, Joy A.}
}

@INPROCEEDINGS{culotta:aaai05,
  author = {A. Culotta and A. {McCallum}},
  title = {Reducing labeling effort for structured prediction tasks},
  booktitle = aaai,
  year = {2005}
}

@INPROCEEDINGS{dagan:icml95,
  author = {Ido Dagan and Sean P. Engelson},
  title = {Committee-Based Sampling For Training Probabilistic Classifiers},
  booktitle = {ICML},
  year = {1995},
  pages = {150-157}
}

@article{das:cmu07,
  title={A survey on automatic text summarization},
  author={Das, Dipanjan and Martins, Andr{\'e} FT},
  journal={Literature Survey for the Language and Statistics II course at CMU},
  volume={4},
  pages={192--195},
  year={2007}
}

@INPROCEEDINGS{dasgupta:icml08,
  author = {S. Dasgupta and D. Hsu},
  title = {Hierarchical Sampling for Active Learning},
  booktitle = icml,
  year = {2008}
}

@INPROCEEDINGS{dittmer:uai97,
  author = {S{\o}ren Dittmer and Finn Jensen},
  title = {Myopic Value of Information in Influence Diagrams},
  booktitle = uai,
  year = {1997},
  pages = {142--149}
}

@INPROCEEDINGS{donmez:cikm08,
	author = {Donmez, Pinar and Carbonell, Jaime G.},
	title = {{Proactive learning: : Cost-sensitive active learning with multiple imperfect oracles}},
	booktitle = {Proceeding of the 17th ACM conference on Information and Knowledge Mining - CIKM '08},
	month = oct,
	pages = {619},
	year = {2008}
}

@inproceedings{donmez:kdd09,
	author = {Donmez, Pinar and Carbonell, Jaime G. and Schneider, Jeff},
	title = {{Efficiently learning the accuracy of labeling sources for selective sampling}},
	booktitle = {Proceedings of the 15th ACM SIGKDD international conference on Knowledge discovery and data mining - KDD '09},
	pages = {259},
	year = {2009}
}


@INPROCEEDINGS{druck:sigir08,
  author = {Druck, Gregory and Mann, Gideon and McCallum, Andrew},
  title = {Learning from labeled features using generalized expectation criteria},
  booktitle = sigir,
  year = {2008},
  pages = {595--602}
}

@inproceedings{du:icdm10,
author = {Du, Jun and Ling, Charles X.},
booktitle = {2010 IEEE International Conference on Data Mining},
month = dec,
pages = {797--802},
shorttitle = {Data Mining (ICDM), 2010 IEEE 10th International C},
title = {{Active Learning with Human-Like Noisy Oracle}},
year = {2010}
}

@article{edmundson:jacm69,
  title={New methods in automatic extracting},
  author={Edmundson, Harold P},
  journal={Journal of the ACM (JACM)},
  volume={16},
  number={2},
  pages={264--285},
  year={1969},
  publisher={ACM}
}
@inproceedings{ertekin:cikm07,
  title={Learning on the border: active learning in imbalanced data classification},
  author={Ertekin, S. and Huang, J. and Bottou, L. and Giles, L.},
  booktitle={Proceedings of the sixteenth ACM conference on Conference on information and knowledge management},
  pages={127--136},
  year={2007},
  organization={ACM}
}

@ARTICLE{liblinear,
  author = {Fan, Rong-En and Chang, Kai-Wei and Hsieh, Cho-Jui and Wang, Xiang-Rui
	and Lin, Chih-Jen},
  title = {{LIBLINEAR}: A Library for Large Linear Classification},
  journal = jmlr,
  year = {2008},
  volume = {9},
  pages = {1871--1874}
}

@INPROCEEDINGS{fang:icml12,
	author = {Fang, Meng and Zhu, Xingquan and Zhang, Chengqi},
	title = {{Active Learning from Oracle with Knowledge Blind Spot}},
	booktitle = {Proceedings of the 26th AAAI Conference on Artificial Intelligence - ICML '12},
	year = {2012}
}

@ARTICLE{feng:neu12,
  author = {Feng, Yinfu and Xiao, Jun and Zha, Zhengjun and Zhang, Hong and Yang,
	Yi},
  title = {Active learning for social image retrieval using Locally Regressive
	Optimal Design},
  journal = {Neurocomputing},
  year = {2012},
  volume = {95},
  issue_date = {October, 2012}
}


@INPROCEEDINGS{flach:ijcai05,
  author = {Flach, Peter A. and Wu, Shaomin},
  title = {Repairing concavities in ROC curves},
  booktitle = {Proceedings of the 19th international joint conference on Artificial
	intelligence},
  year = {2005},
  series = {IJCAI'05}
}

@MISC{frank:2010,
  author = {A. Frank and A. Asuncion},
  title = {{UCI} Machine Learning Repository},
  year = {2010},
  institution = {University of California, Irvine, School of Information and Computer
	Sciences},
  url = {http://archive.ics.uci.edu/ml}
}

@MISC{ucimlrepo,
  author = {A. Frank and A. Asuncion},
  title = {{UCI} Machine Learning Repository},
  year = {2010},
  institution = {University of California, Irvine, School of Information and Computer
	Sciences},
  url = {http://archive.ics.uci.edu/ml}
}

@ARTICLE{freeman:sn79,
  author = {Linton C. Freeman},
  title = {Centrality in social networks conceptual clarification},
  journal = {Social Networks},
  year = {1979},
  volume = {1},
  pages = {215--239},
  number = {3}
}

@ARTICLE{freund:jcss97,
  author = {Yoav Freund and Robert E. Schapire},
  title = {A decision-theoretic generalization of on-line learning and an application
	to boosting},
  journal = {Journal of Computer and System Sciences},
  year = {1997},
  volume = {55},
  pages = {119--139},
  number = {1}
}

@ARTICLE{freund:ml97,
  author = {Yoav Freund and H. Sebastian Seung and Eli Shamir and Naftali Tishby},
  title = {Selective Sampling Using the Query by Committee Algorithm},
  journal = {Machine Learning},
  year = {1997},
  volume = {28},
  pages = {133--168},
  number = {2}
}

@ARTICLE{fu:kis12,
  title={A survey on instance selection for active learning},
  author={Fu, Y. and Zhu, X. and Li, B.},
  journal={Knowledge and Information Systems},
  pages={1--35},
  year={2012},

}

@ARTICLE{gaag:aisb93,
  author = {{Linda van der} Gaag and Maria Wessels},
  title = {Selective evidence gathering for diagnostic belief networks},
  journal = {AISB Quarterly},
  year = {1993},
  pages = {23--34},
  number = {86}
}

@ARTICLE{geman:nc92,
  author = {Stuart Geman and Elie Bienenstock and Ren\'{e} Doursat},
  title = {Neural networks and the bias/variance dilemma},
  journal = {Neural Computation},
  year = {1992},
  volume = {4},
  pages = {1--58},
  number = {1}
}

@ARTICLE{getoor:jmlr02,
  author = {L. Getoor and N. Friedman and D. Koller and B. Taskar},
  title = {Learning Probabilistic Models of Link Structure},
  journal = JMLR,
  year = {2002},
  volume = {3},
  pages = {679--707}
}

@INPROCEEDINGS{getoor:ijcaiws01,
  author = {Lise Getoor and Eran Segal and Benjamin Taskar and Daphne Koller},
  title = {Probabilistic Models of Text and Link Structure for Hypertext Classification},
  booktitle = {IJCAI Workshop on Text Learning: Beyond Supervision},
  year = {2001},
  pages = {24--29}
}

@INPROCEEDINGS{giles:dl98,
  author = {C. Lee Giles and Kurt D. Bollacker and Steve Lawrence},
  title = {{CiteSeer}: An Automatic Citation Indexing System},
  booktitle = {ACM Conference on Digital Libraries},
  year = {1998},
  pages = {89--98}
}

@BOOK{gilks:book96,
  title = {Markov Chain Monte Carlo in Practice},
  
  year = {1996},
  author = {Walter R. Gilks and Sylvia Richardson and David J. Spiegelhalter},
  series = {Interdisciplinary Statistics}
}

@ARTICLE{girvan:pnas02,
  author = {M. Girvan and M. E. J. Newman},
  title = {Community Structure in Social and Biological Networks},
  journal = {Proceedings of the National Academy of Sciences of the United States
	of America},
  year = {2002},
  volume = {99},
  pages = {7821--7826},
  number = {12}
}

@ARTICLE{grefenstette:tsmc86,
  author = {J. Grefenstette},
  title = {Optimization of control parameters for genetic algorithms},
  journal = {IEEE Transactions on Systems, Man and Cybernetics},
  year = {1986},
  volume = {16},
  pages = {122--128},
  number = {1}
}

@ARTICLE{greiner:ai02,
  author = {Russell Greiner and Adam J. Grove and Dan Roth},
  title = {Learning cost-sensitive active classifiers},
  journal = {Artificial Intelligence},
  year = {2002},
  volume = {139},
  pages = {137--174},
  number = {2}
}

@MISC{guyon:jmlr2010-wrkshp,
  author = {Isabell Guyon},
  title = {Results of Active Learning Challenge},
  year = {2011},
  journal = {JMLR Workshop and Conference Proceedings Volume 16: Worshop on Active
	Learning and Experimental Design}
}

@INPROCEEDINGS{haffari:naacl09,
  author = {Haffari, Gholamreza and Roy, Maxim and Sarkar, Anoop},
  title = {Active learning for statistical phrase-based machine translation},
  booktitle = {Proceedings of Human Language Technologies: The 2009 Annual Conference
	of the North American Chapter of the Association for Computational
	Linguistics},
  year = {2009},
  series = {NAACL '09}
}

@INPROCEEDINGS{haghighi:naacl06,
  author = {Haghighi, Aria and Klein, Dan},
  title = {Prototype-driven learning for sequence models},
  booktitle = {Proceedings of the North American Association for Computational Linguistics
	(NAACL)},
  year = {2006},
  pages = {320--327}
}

@ARTICLE{weka,
  author = { Mark Hall and Eibe Frank and Geoffrey Holmes and Bernhard Pfahringer
	and Peter Reutemann and Ian H. Witten},
  title = {The {WEKA} Data Mining Software: An Update},
  journal = {SIGKDD Explorations},
  year = {2009},
  volume = {11}
}

@MISC{ontariomh,
  author = {Ontario Ministry of Health},
  title = {{Schedule of benefits: Physician services under the health insurance
	act}},
  month = oct,
  year = {1992}
}

@INPROCEEDINGS{haertel:acl08,
	author = {Haertel, Robbie and Ringger, Eric and Seppi, Kevin and Carroll, James and Mcclanahan, Peter},
	title = {{Assessing the Costs of Sampling Methods in Active Learning for Annotation}},
        booktitle = {ACL},
	pages = {65--68},
	year = {2008}
}

@ARTICLE{heckerman:commacm95,
  author = {David Heckerman and John S. Breese and Koos Rommelse},
  title = {Decision-Theoretic Troubleshooting},
  journal = {Communications of the ACM},
  year = {1995},
  volume = {38},
  pages = {49--57},
  number = {3}
}

@ARTICLE{heckerman:pami93,
  author = {David Heckerman and Eric Horvitz and Blackford Middleton},
  title = {An Approximate Nonmyopic Computation for Value of Information},
  journal = {IEEE Transactions on Pattern Analysis and Machine Intelligence},
  year = {1993},
  volume = {15},
  pages = {292--298},
  number = {3}
}

@INPROCEEDINGS{hoi:cvpr05,
  author = {Hoi, S.C.H. and Lyu, M.R.},
  title = {A semi-supervised active learning framework for image retrieval},
  booktitle = {IEEE Computer Society Conference on Computer Vision and Pattern Recognition},
  year = {2005}
}

@ARTICLE{hoi:acmtis09,
  author = {Hoi, Steven C. H. and Jin, Rong and Zhu, Jianke and Lyu, Michael
	R.},
  title = {Semisupervised SVM batch mode active learning with applications to
	image retrieval},
  journal = {ACM Trans. Inf. Syst.},
  year = {2009},
  issue_date = {May 2009}
}

@ARTICLE{horvitz:ijar88,
  author = {Eric J. Horvitz and John S. Breese and Max Henrion},
  title = {Decision theory in expert systems and artificial intelligence},
  journal = {International Journal of Approximate Reasoning},
  year = {1988},
  volume = {2},
  pages = {247--302},
  number = {3}
}

@ARTICLE{howard:tssc66,
  author = {Ronald A. Howard},
  title = {Information Value Theory},
  journal = {IEEE Transactions on Systems Science and Cybernetics},
  year = {1966},
  volume = {2},
  pages = {22--26},
  number = {1}
}

@INBOOK{howard:book84,
  chapter = {Influence Diagrams},
  title = {{Readings on the Principles and Applications of Decision Analysis}},
  publisher = {Strategic Decision Group},
  year = {1984},
  author = {R. A. Howard and J. E. Matheson}
}

@ARTICLE{hyafil:ipl76,
  author = {L. Hyafil and R. L. Rivest},
  title = {{Constructing optimal binary decision trees is NP-Complete}},
  journal = {Information Processing Letters},
  year = {1976},
  volume = {5},
  pages = {15--17},
  number = {1}
}

@INPROCEEDINGS{japkowicz:icai00,
  author = {Nathalie Japkowicz},
  title = {The Class Imbalance Problem: Significance and Strategies},
  booktitle = {In Proceedings of the 2000 International Conference on Artificial
	Intelligence (ICAI},
  year = {2000},
  pages = {111--117}
}

@INPROCEEDINGS{jensen:kdd04,
  author = {David Jensen and Jennifer Neville and Brian Gallagher},
  title = {Why collective inference improves relational classification},
  booktitle = kdd,
  year = {2004},
  pages = {593--598}
}

@INPROCEEDINGS{joachims:kdd02,
  author = {Thorsten Joachims},
  title = {Optimizing search engines using clickthrough data},
  booktitle = kdd,
  year = {2002},
  pages = {133--142}
}

@INPROCEEDINGS{john:icml94,
  author = {John, George H. and Kohavi, Ron and Pfleger, Karl},
  title = {Irrelevant Features and the Subset Selection Problem},
  booktitle = {International Conference on Machine Learning},
  year = {1994},
  pages = {121--129}
}

@ARTICLE{joliffe:jcgs03,
  author = {I. Joliffe},
  title = {A Modified Principal Component Technique Based on the {LASSO}},
  journal = {Journal of Computational and Graphical Statistics},
  year = {2003},
  volume = {12},
  pages = {521--547}
}

@ARTICLE{jordan:ml99,
  author = {Michael I. Jordan and Zoubin Ghahramani and Tommi S. Jaakkola and
	Lawrence K. Saul},
  title = {An Introduction to Variational Methods for Graphical Models},
  journal = ml,
  year = {1999},
  volume = {37},
  pages = {183--233},
  number = {2}
}

@ARTICLE{kang:tvcg08,
  author = {Hyunmo Kang and Lise Getoor and Ben Shneiderman and Mustafa Bilgic
	and Louis Licamele},
  title = {Interactive Entity Resolution in Relational Data: {A} Visual Analytic
	Tool and Its Evaluation},
  journal = {IEEE Transactions on Visualization and Computer Graphics (TVCG)},
  year = {2008},
  volume = {14},
  pages = {999--1014},
  number = {5}
}

@inproceedings{kapoor:ijcai07,
  title={Selective Supervision: Guiding Supervised Learning with Decision-Theoretic Active Learning.},
  author={Kapoor, Ashish and Horvitz, Eric and Basu, Sumit},
  booktitle={IJCAI},
  volume={7},
  pages={877--882},
  year={2007}
}

@BOOK{keeney:book93,
  title = {{Decisions with multiple objectives: preferences and value tradeoffs}},
  publisher = {Cambridge University Press},
  year = {1993},
  author = {Ralph L Keeney and Howard Raiffa}
}

@INPROCEEDINGS{kempe:kdd03,
  author = {David Kempe and Jon Kleinberg and \'{E}va Tardos},
  title = {Maximizing the spread of influence through a social network},
  booktitle = kdd,
  year = {2003},
  pages = {137--146}
}

@INPROCEEDINGS{krause:ijcai05,
  author = {Andreas Krause and Carlos Guestrin},
  title = {Optimal Nonmyopic Value of Information in Graphical Models - Efficient
	Algorithms and Theoretical Limits},
  booktitle = ijcai,
  year = {2005},
  pages = {1339--1345}
}

@INPROCEEDINGS{krause:uai05,
  author = {Andreas Krause and Carlos Guestrin},
  title = {Near-optimal Nonmyopic Value of Information in Graphical Models},
  booktitle = uai,
  year = {2005}
}
@inproceedings{kupiec:sigir95,
  title={A trainable document summarizer},
  author={Kupiec, Julian and Pedersen, Jan and Chen, Francine},
  booktitle={Proceedings of the 18th annual international ACM SIGIR conference on Research and development in information retrieval},
  pages={68--73},
  year={1995},
  organization={ACM}
}
@INPROCEEDINGS{lafferty:icml01,
  author = {John D. Lafferty and Andrew McCallum and Fernando C. N. Pereira},
  title = {Conditional Random Fields: Probabilistic Models for Segmenting and
	Labeling Sequence Data},
  booktitle = icml,
  year = {2001},
  pages = {282--289}
}

@INPROCEEDINGS{lee:nips07,
  author = {Lee, Su I. and Ganapathi, Varun and Koller, Daphne},
  title = {Efficient Structure Learning of Markov Networks using {L1-Regularization}},
  booktitle = {Advances in Neural Information Processing Systems},
  year = {2007},
  pages = {817--824}
}

@ARTICLE{leskovec:tweb07,
  author = {Jure Leskovec and Lada A. Adamic and Bernardo A. Huberman},
  title = {The dynamics of viral marketing},
  journal = {ACM Transactions on the Web},
  year = {2007},
  volume = {1},
  pages = {5},
  number = {1}
}

@ARTICLE{leskovec:tkdd07,
  author = {Jure Leskovec and Jon Kleinberg and Christos Faloutsos},
  title = {Graph evolution: Densification and shrinking diameters},
  journal = {ACM Transactions on Knowledge Discovery from Data},
  year = {2007},
  volume = {1},
  pages = {1--40},
  number = {1},
  address = {New York, NY, USA},
  publisher = {ACM}
}

@INPROCEEDINGS{lewis:sigir94,
  author = {David D. Lewis and William A. Gale},
  title = {A sequential algorithm for training text classifiers},
  booktitle = sigir,
  year = {1994},
  pages = {3--12}
}

@INPROCEEDINGS{licamele:linkkdd05,
  author = {Louis Licamele and Mustafa Bilgic and Lise Getoor and Nick Roussopoulos},
  title = {Capital and Benefit in Social Networks},
  booktitle = {ACM SIGKDD Workshop on Link Analysis and Group Detection (LinkKDD)},
  year = {2005}
}

@INPROCEEDINGS {lindenbaum:aaai99,
  title=		{Selective sampling for nearest neighbor classifiers},
  author=		{Lindenbaum, M. and Markovich, S. and Rusakov, D. and others},
  booktitle={Proceedings of The National Conference on Artificial Intelligence},
  pages=		{366--371},
  year=			{1999}
 
}

@ARTICLE{lindley:ams56,
  author = {D. V. Lindley},
  title = {{On a measure of the information provided by an experiment}},
  journal = {Annals of Mathematical Statistics},
  year = {1956},
  volume = {27},
  pages = {986--1005}
}

@INPROCEEDINGS{ling:icml04,
  author = {Charles X. Ling and Qiang Yang and Jianning Wang and Shichao Zhang},
  title = {Decision trees with minimal costs},
  booktitle = {Proc. of Int. Conf. on Machine Learning},
  year = {2004},
  location = {Banff, Alberta, Canada}
}

@ARTICLE{lirov:ai91,
  author = {Yuval Lirov and On-Ching Yue},
  title = {Automated network troubleshooting knowledge acquisition},
  journal = {Applied Intelligence},
  year = {1991},
  volume = {1},
  pages = {121--132},
  number = {2}
}

@INPROCEEDINGS{liu:kdd10,
  author = {Liu, Xu-Ying and Zhou, Zhi-Hua},
  title = {Learning with cost intervals},
  booktitle = {Proceedings of the 16th ACM SIGKDD international conference on Knowledge
	discovery and data mining},
  year = {2010},
  series = {KDD '10},
  pages = {403--412},
  publisher = {ACM}
}

@INPROCEEDINGS{lizotte:uai03,
  author = {Daniel J. Lizotte and Omid Madani and Russell Greiner},
  title = {Budgeted Learning of Naive-Bayes Classifiers},
  booktitle = uai,
  year = {2003},
  pages = {378--385}
}

@INPROCEEDINGS{lu:icml03,
  author = {Qing Lu and Lise Getoor},
  title = {Link Based Classification},
  booktitle = icml,
  year = {2003},
  pages = {496--503}
}

@article{luhn:imb58,
  title={The automatic creation of literature abstracts},
  author={Luhn, Hans Peter},
  journal={IBM Journal of research and development},
  volume={2},
  number={2},
  pages={159--165},
  year={1958},
  publisher={IBM}
}
@INPROCEEDINGS{lu:icml03-wkshp,
  author = {Qing Lu and Lise Getoor},
  title = {Link-based Classification Using Labeled and Unlabeled Data},
  booktitle = {ICML Workshop on The Continuum from Labeled to Unlabeled Data in
	Machine Learning and Data Mining},
  year = {2003}
}

@INPROCEEDINGS{maas:hlt11,
  author    = {Maas, Andrew L.  and  Daly, Raymond E.  and  Pham, Peter T.  and  Huang, Dan  and  Ng, Andrew Y.  and  Potts, Christopher},
  title     = {Learning Word Vectors for Sentiment Analysis},
  booktitle = {Proceedings of the 49th Annual Meeting of the Association for Computational Linguistics: Human Language Technologies},
  month     = {June},
  year      = {2011},
  address   = {Portland, Oregon, USA},
  publisher = {Association for Computational Linguistics},
  pages     = {142--150},
}

@INPROCEEDINGS{macskassy:kdd09,
  author = {Sofus A. Macskassy},
  title = {Using graph-based metrics with empirical risk minimization to speed
	up active learning on networked data},
  booktitle = kdd,
  year = {2009}
}

@INPROCEEDINGS{macskassy:sigkdd09,
  author = {Macskassy, Sofus A.},
  title = {Using graph-based metrics with empirical risk minimization to speed
	up active learning on networked data},
  booktitle = {Proceedings of the 15th ACM SIGKDD international conference on Knowledge
	discovery and data mining},
  year = {2009},
  series = {KDD '09}
}

@ARTICLE{macskassy:jmlr07,
  author = {S. Macskassy and F. Provost},
  title = {Classification in Networked Data: {A} toolkit and a univariate case
	study},
  journal = jmlr,
  year = {2007},
  volume = {8},
  pages = {935--983}
}

@INPROCEEDINGS{macskassy:mrdm03-wkshp,
  author = {S. Macskassy and F. Provost},
  title = {A Simple Relational Classifier},
  booktitle = {ACM Workshop on Multi-Relational Data Mining},
  year = {2003}
}

@INPROCEEDINGS{mazzoni:ecml06,
	author = {Mazzoni, Dominic and Wagstaff, Kiri and Burl, Michael},
	title = {Active Learning with Irrelevant Examples},
	booktitle = {ECML},
	pages = {695--702},
	year = {2006}
}


@INPROCEEDINGS{mccallum:icml98,
  author = {Andrew McCallum and Kamal Nigam},
  title = {Employing {EM} and Pool-Based Active Learning for Text Classification},
  booktitle = icml,
  year = {1998},
  pages = {350--358}
}

@ARTICLE{mccallum:irj00,
  author = {Andrew Kachites McCallum and Kamal Nigam and Jason Rennie and Kristie
	Seymore},
  title = {Automating the Construction of Internet Portals with Machine Learning},
  journal = {Information Retrieval},
  year = {2000},
  volume = {3},
  pages = {127--163},
  number = {2}
}

@INPROCEEDINGS{mcdowell:aaai07,
  author = {Luke McDowell and Kalyan Moy Gupta and David W. Aha},
  title = {Cautious Inference in Collective Classification},
  booktitle = aaai,
  year = {2007},
  pages = {596--601}
}

@INPROCEEDINGS{melville:icml04,
  author = {Prem Melville and Raymond J. Mooney},
  title = {Diverse ensembles for active learning},
  booktitle = icml,
  year = {2004},
  pages = {584--591}
}

@INPROCEEDINGS{melville:ubdm05,
  author = {Prem Melville and Foster Provost and Maytal Saar-Tsechansky and Raymond
	Mooney},
  title = {Economical active feature-value acquisition through Expected Utility
	estimation},
  booktitle = {Proc. of the KDD Workshop on Utility-based Data Mining},
  year = {2005}
}

@INPROCEEDINGS{melville:icdm04,
  author = {Prem Melville and Maytal Saar-Tsechansky and Foster Provost and Raymond
	Mooney},
  title = {Active Feature-Value Acquisition for Classifier Induction},
  booktitle = {IEEE International Conference on Data Mining},
  year = {2004},
  pages = {483--486}
}

@ARTICLE{mitchell:ai82,
  author = {Tom M. Mitchell},
  title = {Generalization as search},
  journal = {Artificial Intelligence},
  year = {1982},
  volume = {18},
  pages = {203--226},
  number = {2}
}

@ARTICLE{mookerjee:tkde97,
  author = {Vijay S. Mookerjee and Michael V. Mannino},
  title = {Sequential Decision Models for Expert System Optimization},
  journal = {IEEE Transactions on Knowledge and Data Engineering},
  year = {1997},
  volume = {9},
  pages = {675--687},
  number = {5}
}

@ARTICLE{muslea:jair06,
  author = {I. Muslea and S. Minton and C. Knoblock},
  title = {Active Learning with Multiple Views},
  journal = {Journal of Artificial Intelligence Research},
  year = {2006},
  volume = {27},
  pages = {203--233}
}

@INPROCEEDINGS{muslea:icml02,
  author = {Ion Muslea and Steven Minton and Craig A. Knoblock},
  title = {Active + Semi-supervised Learning = Robust Multi-View Learning},
  booktitle = icml,
  year = {2002},
  pages = {435--442},
  address = {San Francisco, CA, USA}
}

@INPROCEEDINGS{nigam:aaai98,
 author = {Nigam, Kamal and McCallum, Andrew and Thrun, Sebastian and Mitchell, Tom},
 title = {Learning to Classify Text from Labeled and Unlabeled Documents},
 booktitle = {Proceedings of the Fifteenth National/Tenth Conference on Artificial Intelligence/Innovative Applications of Artificial Intelligence},
 series = {AAAI '98/IAAI '98},
 year = {1998},
 pages = {792--799},
} 

@ARTICLE{nunez:ml91,
  author = {N\'{u}\~{n}ez, Marlon},
  title = {The use of background knowledge in decision tree induction},
  journal = {Machine Learning},
  year = {1991},
  volume = {6},
  pages = {231--250},
  number = {3}
}

@INCOLLECTION{namata:tmbook09,
  author = {Galileo Mark Namata and Prithviraj Sen and Mustafa Bilgic and Lise
	Getoor},
  title = {Collective Classification for Text Classification},
  booktitle = {Text Mining: Classification, Clustering, and Applications},
  publisher = {Taylor and Francis Group},
  year = {2009},
  editor = {Mehran Sahami and Ashok Srivastava}
}

@ARTICLE{nemhauser:mp78,
  author = {G. L. Nemhauser and L. A. Wolsey and M. L. Fisher},
  title = {An analysis of approximations for maximizing submodular set functionsà¥ˆ€”{I}},
  journal = {Mathematical Programming},
  year = {1978},
  volume = {14},
  pages = {265--294},
  number = {1}
}

@INPROCEEDINGS{neville:srl00,
  author = {Jennifer Neville and David Jensen},
  title = {Iterative classification in relational data},
  booktitle = {SRL Workshop in AAAI},
  year = {2000}
}

@ARTICLE{newman:pnas06,
  author = {M. E. J. Newman},
  title = {Modularity and community structure in networks},
  journal = {Proceedings of the National Academy of Sciences of the United States
	of America},
  year = {2006},
  volume = {103},
  pages = {8577--8582},
  number = {23}
}

@ARTICLE{newman:pr03,
  author = {M. E. J. Newman},
  title = {Mixing patterns in networks},
  journal = {Physical Review E},
  year = {2003},
  volume = {67},
  pages = {026126},
  number = {2},
  publisher = {American Physical Society}
}

@INPROCEEDINGS{ng:icml04,
  author = {Ng, Andrew Y.},
  title = {Feature selection, $L_1$ vs. $L_2$ regularization, and rotational
	invariance},
  booktitle = icml,
  year = {2004}
}

@INPROCEEDINGS{nguyen:icml04,
  author = {Hieu T. Nguyen and Arnold Smeulders},
  title = {Active learning using pre-clustering},
  booktitle = icml,
  year = {2004}
}

@BOOK{pearl:88,
  title = {Probabilistic Reasoning in Intelligent Systems},
  publisher = {Morgan Kaufmann},
  year = {1988},
  author = {J. Pearl},
  address = {San Francisco}
}

@INPROCEEDINGS{provost:kdd97,
  author = {Foster Provost and Tom Fawcett},
  title = {Analysis and Visualization of Classifier Performance: Comparison
	under Imprecise Class and Cost Distributions},
  booktitle = {In Proceedings of the Third International Conference on Knowledge
	Discovery and Data Mining},
  year = {1997},
  pages = {43--48}
}

@INPROCEEDINGS{provost:icec07,
  author = {Foster Provost and Prem Melville and Maytal Saar-Tsechansky},
  title = {Data acquisition and cost-effective predictive modeling: targeting
	offers for electronic commerce},
  booktitle = icec,
  year = {2007},
  pages = {389--398}
}

@INPROCEEDINGS{qin:fskd05,
  author = {Zhenxing Qin and Chengqi Zhang and Xuehui Xie and Shichao Zhang},
  title = {Dynamic Test-Sensitive Decision Trees with Multiple Cost Scales},
  booktitle = {Fuzzy Systems and Knowledge Discovery},
  year = {2005},
  pages = {402--405}
}

@BOOK{quinlan:book93,
  title = {{C4}.5: programs for machine learning},
  publisher = {Morgan Kaufmann Publishers Inc.},
  year = {1993},
  author = {J. Ross Quinlan},
  address = {San Francisco, CA, USA}
}

@ARTICLE{quinlan:ml86,
  author = {J. R. Quinlan},
  title = {Induction of Decision Trees},
  journal = ml,
  year = {1986},
  volume = {1},
  pages = {81--106},
  number = {1}
}

@ARTICLE{raghavan:jmlr06,
  author = {Raghavan, Hema and Madani, Omid and Jones, Rosie},
  title = {Active Learning with Feedback on Features and Instances},
  journal = jmlr,
  year = {2006},
  volume = {7},
  pages = {1655--1686}
}

@InProceedings{ramirez:kdd13-wkshp,
  author = 	 {Maria E. Ramirez-Loaiza and Aron Culotta and Mustafa Bilgic },
  title = 	 {Towards Anytime Active Learning: Interrupting Experts to Reduce Annotation Costs },
  booktitle = {KDD Workshop on Interactive Data Exploration and Analytics (IDEA)},
  year = 	 2013
}

@inproceedings{ramirez:aaai14,
 author 	= {Ramirez-Loaiza, Maria E. and Culotta, Aron and Bilgic, Mustafa},
 booktitle	= {AAAI Conference on Artificial Intelligence},
 title		= {{Anytime Active Learning}},
 year 	= {2014}

}
@INPROCEEDINGS{rattigan:icdm07-wkshp,
  author = {Matthew Rattigan and Marc Maier and David Jensen},
  title = {Exploiting network structure for active inference in collective classification},
  booktitle = {ICDM Workshop on Mining Graphs and Complex Structures},
  year = {2007},
  pages = {429--434}
}

@INPROCEEDINGS{rattigan:icdm-wkshop07,
  author = {Matthew Rattigan and Marc Maier and David Jensen},
  title = {Exploiting network structure for active inference in collective classification},
  booktitle = {ICDM Workshop on Mining Graphs and Complex Structures},
  year = {2007},
  pages = {429--434}
}

@ARTICLE{richardson:ml06,
  author = {Matthew Richardson and Pedro Domingos},
  title = {Markov logic networks},
  journal = {Machine Learning},
  year = {2006},
  volume = {62},
  pages = {107--136},
  number = {1-2},
  address = {Hingham, MA, USA}
}

@INPROCEEDINGS{richardson:kdd02,
  author = {Matthew Richardson and Pedro Domingos},
  title = {Mining knowledge-sharing sites for viral marketing},
  booktitle = kdd,
  year = {2002},
  pages = {61--70}
}

@INPROCEEDINGS{roth:aaai08,
  author = {D. Roth and K. Small},
  title = {Active learning for pipeline models},
  booktitle = AAAI08,
  year = {2008}
}

@INPROCEEDINGS{roth:ecml06,
  author = {D. Roth and K. Small},
  title = {Margin-based Active Learning for Structured Output Spaces},
  booktitle = ecml,
  year = {2006}
}

@INPROCEEDINGS{roy:icml01,
  author = {Nicholas Roy and Andrew McCallum},
  title = {Toward Optimal Active Learning through Sampling Estimation of Error
	Reduction},
  booktitle = icml,
  year = {2001},
  pages = {441--448}
}

@BOOK{rubin:book87,
  title = {Multiple imputation for nonresponse in surveys},
  publisher = {John Wiley},
  year = {1987},
  author = {Donald B Rubin}
}

@ARTICLE{saar-tsechansky:ms09,
  author = {Maytal Saar-Tsechansky and Prem Melville and Foster Provost},
  title = {Active Feature-Value Acquisition},
  journal = {Management Science},
  year = {2009},
  volume = {55},
  pages = {664--684},
  number = {4}
}

@ARTICLE{saar-tsechansky:ml04,
  author = {Maytal Saar-Tsechansky and Foster Provost},
  title = {Active Sampling for Class Probability Estimation and Ranking},
  journal = ml,
  year = {2004},
  volume = {54},
  pages = {153--178},
  number = {2}
}

@ARTICLE{scheffer:ki02,
  author = {T. Scheffer and S. Wrobel and B. Popov and D. Ognianov and C. Decomain
	and S. Hoche},
  title = {Learning Hidden {M}arkov Models for Information Extraction Actively
	from Partially Labeled Text},
  journal = {K{\"u}nstliche Intelligenz},
  year = {2002},
  volume = {2}
}

@ARTICLE{schein:ml07,
  author = {Andrew I. Schein and Lyle H. Ungar},
  title = {Active learning for logistic regression: an evaluation},
  journal = {Machine Learning},
  year = {2007},
  volume = {68},
  pages = {235--265},
  number = {3}
}

@INPROCEEDINGS{schmidt:aaai07,
  author = {Schmidt, Mark and Niculescu-Mizil, Alexandru and Murphy, Kevin},
  title = {Learning graphical model structure using L1-regularization paths},
  booktitle = aaai,
  year = {2007},
  pages = {1278--1283}
}

@ARTICLE{sen:aimag08,
  author = {P. Sen and G. Namata and M. Bilgic and L. Getoor and B. Gallagher
	and T. Eliassi-Rad},
  title = {Collective Classification in Network Data},
  journal = {AI Magazine},
  year = {2008},
  volume = {29},
  pages = {93--106},
  number = {3}
}

@TECHREPORT{sen:umtr08,
  author = {Prithviraj Sen and Galileo Mark Namata and Mustafa Bilgic and Lise
	Getoor and Brian Gallagher and Tina Eliassi-Rad},
  title = {Collective Classification in Network Data},
  institution = {University of Maryland, College Park},
  year = {2008},
  number = {CS-TR-4905}
}

@TECHREPORT{settles:tr09,
  author = {Burr Settles},
  title = {Active Learning Literature Survey},
  institution = {University of Wisconsin--Madison},
  year = {2009},
  type = {Computer Sciences Technical Report},
  number = {1648}
}

@INPROCEEDINGS{settles:emnlp08,
  author = {Burr Settles and Mark Craven},
  title = {An analysis of active learning strategies for sequence labeling tasks},
  booktitle = {Proceedings of the Conference on Empirical Methods in Natural Language
	Processing},
  year = {2008},
  pages = {1070--1079}
}

@INPROCEEDINGS{settles:nips08,
  author = {Burr Settles and Mark Craven and Soumya Ray},
  title = {Multiple-instance active learning},
  booktitle = nips,
  year = {2008},
  pages = {1289--1296}
}

@INPROCEEDINGS{settles:nips2008a,
  title			= {Active learning with real annotation costs},
  author		= {Settles, Burr and Craven, Mark and Friedland, Lewis},
  booktitle	= {Proceedings of the NIPS Workshop on Cost-Sensitive Learning},
  pages			= {1--10},
  year			= {2008}
}

@book{settles:book12,
	Author = {B. Settles},
	Publisher = {Morgan \& Claypool},
	Series = {Synthesis Lectures on Artificial Intelligence and Machine Learning},
	Title = {Active Learning},
	Year = {2012}
}

@INPROCEEDINGS{seung:colt92,
  author = {H. S. Seung and M. Opper and H. Sompolinsky},
  title = {Query by committee},
  booktitle = {ACM Annual Workshop on Computational Learning Theory},
  year = {1992},
  pages = {287--294}
}

@ARTICLE{shannon:bstj48,
  author = {Claude Elwood Shannon},
  title = {A mathematical theory of communication},
  journal = {Bell Systems Technical Journal},
  year = {1948},
  volume = {27},
  pages = {379--423,623--656}
}
@inproceedings{shen:sigir04,
  author = {Shen, Dou and Chen, Zheng and Yang, Qiang and Zeng, Hua-Jun and Zhang, Benyu and Lu, Yuchang and Ma, Wei-Ying},
  booktitle = {Proceedings of the 27th annual international conference on Research and development in information retrieval - SIGIR '04},
  month = jul,
  pages = {242},
  publisher = {ACM Press},
  title = {{Web-page classification through summarization}},
  year = {2004}
}

@INPROCEEDINGS{sheng:icml06,
  author = {Victor S. Sheng and Charles X. Ling},
  title = {Feature value acquisition in testing: a sequential batch test algorithm},
  booktitle = icml,
  year = {2006},
  pages = {809--816}
}

@inproceedings{sheng:kdd08,
  author = {Sheng, Victor S and Provost, Foster and Ipeirotis, Panagiotis G},
  booktitle = {Proceedings of the 14th ACM SIGKDD international conference on   Knowledge discovery and data mining},
  pages = {614--622},
  title = {{Get another label? improving data quality and data mining using multiple, noisy labelers}},
  year = {2008}
}


@INPROCEEDINGS{shi:cvpr97,
  author = {Jianbo Shi and Jitendra Malik},
  title = {Normalized Cuts and Image Segmentation},
  booktitle = {Proceedings of IEEE Conference on Computer Vision and Pattern Recognition},
  year = {1997},
  pages = {731--737}
}

@ARTICLE{simonoff:jmlr03,
  author = {Jeffrey S. Simonoff and Claudia Perlich and Claudia Perlich and Foster
	Provost and Foster Provost and Jeffrey S. Sirnonoff and Leonard N.
	Stern},
  title = {Tree Induction vs. Logistic Regression: A Learning-curve Analysis},
  journal = {Journal of Machine Learning Research},
  year = {2003},
  volume = {4},
  pages = {211--255}
}

@INPROCEEDINGS{slattery:ilp98,
  author = {S. Slattery and M. Craven},
  title = {Combining Statistical and Relational Methods for learning in hypertext
	domains},
  booktitle = ILP98,
  year = {1998}
}

@BOOK{steuer:book86,
  title = {{Multiple Criteria Optimization: Theory, Computations, and Application}},
  
  year = {1986},
  author = {Ralph E. Steuer}
}

@INPROCEEDINGS{tan:icra90,
  author 	= {Ming Tan},
  title 	= {{CSL}: {A} cost-sensitive learning system for sensing and grasping objects},
  booktitle 	= {IEEE International Conference on Robotics and Automation},
  year 	= {1990}
}

@inproceedings{titov:acl08,
  author	= {Ivan Titov and Ryan T. McDonald},
  title		= {A Joint Model of Text and Aspect Ratings for Sentiment Summarization},
  booktitle	= {ACL},
  year	= {2008},
  pages	= {308-316}
}

@INPROCEEDINGS{taskar:uai02,
  author 	= {B. Taskar and P. Abbeel and D. Koller},
  title 	= {Discriminative Probabilistic Models for Relational Data},
  booktitle 	= uai,
  year	= {2002},
  pages 	= {485--492}
}

@INPROCEEDINGS{taskar:icml04,
  author 	= {Ben Taskar and Vassil Chatalbashev and Daphne Koller},
  title 	= {Learning associative Markov networks},
  booktitle = icml,
  year 	= {2004}
}

@ARTICLE{tibshirani:jrss96,
  author = {Tibshirani, Robert},
  title = {Regression shrinkage and selection via the lasso},
  journal = {Journal of the Royal Statistical Society. Series B},
  year = {1996},
  volume = {58},
  pages = {267--288},
  number = {1}
}

@INPROCEEDINGS{tomanek:iccl10,
	author = {Tomanek, Katrin and Hahn, Udo},
	title = {A comparison of models for cost-sensitive active learning},
  booktitle = {Proceedings of the 23rd International Conference on Computational Linguistics: Posters},
  pages = {1247--1255},
  year = {2010}
}

@ARTICLE{tong:jmlr01,
  author = {Simon Tong and Daphne Koller},
  title = {Support vector machine active learning with applications to text
	classification},
  journal = jmlr,
  year = {2001},
  volume = {2},
  pages = {45--66}
}

@INPROCEEDINGS{tur:cassp03,
  author = {G. Tur and Robert E. Schapire and D. Hakkani-T{\"u}r},
  title = {Active learning for spoken language understanding},
  booktitle = {Proceedings of the IEEE International Conference on Acoustics, Speech
	and Signal Processing},
  year = {2003}
}

@INPROCEEDINGS{turney:icml-wkshp00,
  author = {Peter Turney},
  title = {Types of cost in inductive concept learning},
  booktitle = {In Workshop on Cost-Sensitive Learning at the Seventeenth International
	Conference on Machine Learning},
  year = {2000},
  pages = {15--21}
}

@ARTICLE{turney:jair95,
  author = {Peter D. Turney},
  title = {Cost-Sensitive Classification: Empirical Evaluation of a Hybrid Genetic
	Decision Tree Induction Algorithm},
  journal = {Journal of Artificial Intelligence Research},
  year = {1995},
  volume = {2},
  pages = {369--409}
}

@INPROCEEDINGS{wagstaff:icml12,
  author = {Kiri Wagstaff},
  title = {Machine Learning that Matters},
  booktitle = {Proceedings of the 29th International Conference on Machine Learning},
  year = {2012}
}

@ARTICLE{wallace:bmc2010,
  author = {Wallace, B.C. and Trikalinos, T.A. and Lau, J. and Brodley, C. and
	Schmid, C.H.},
  title = {Semi-automated screening of biomedical citations for systematic reviews},
  journal = {BMC bioinformatics},
  year = {2010},
  volume = {11},
  pages = {55},
  number = {1},
  publisher = {BioMed Central Ltd}
}
@ARTICLE{wallace:sdm2011,
	author = {Wallace, Byron C. and Small, Kevin and Brodley, Carla E. and Trikalinos, Thomas A.},
	journal = {In Proc. of the SIAM International Conference on Data Mining (SDM)},
	title = {{Who should label what? instance allocation in multiple expert active learning}},
	year = {2011}
}

@ARTICLE{wang:plosone12,
  author = {Wang, , Zhuoran AND Shah, , Anoop D. AND Tate, , A. Rosemary AND
	Denaxas, , Spiros AND Shawe-Taylor, , John AND Hemingway, , Harry},
  title = {Extracting Diagnoses and Investigation Results from Unstructured
	Text in Electronic Health Records by Semi-Supervised Machine Learning},
  journal = {PLoS ONE},
  year = {2012},
  publisher = {Public Library of Science}
}

@INPROCEEDINGS{xiang:icde08,
  author = {Rongjing Xiang and Jennifer Neville},
  title = {Pseudolikelihood {EM} for Within-Network Relational Learning},
  booktitle = {IEEE International Conference on Data Mining},
  year = {2008},
  pages = {1103--1108}
}

@ARTICLE{yang:tkde06,
  author = {Qiang Yang and Charles Ling and Xiaoyong Chai and Rong Pan},
  title = {Test-Cost Sensitive Classification on Data with Missing Values},
  journal = tkde,
  year = {2006},
  volume = {18},
  pages = {626--638},
  number = {5}
}

@INPROCEEDINGS{yan:icml11,
  author={Yan, Yan and Fung, Glenn M and Rosales, R{\'o}mer and Dy, Jennifer G},
  title={Active learning from crowds},
  booktitle={Proceedings of the 28th International Conference on Machine Learning (ICML-11)},
  pages={1161--1168},
  year={2011}
}

@INPROCEEDINGS{yedidia:nips00,
  author = {J. S. Yedidia and W. T. Freeman and Y. Weiss},
  title = {Generalized Belief Propagation},
  booktitle = nips,
  year = {2000},
  pages = {689--695}
}

@INPROCEEDINGS{zadrozny:kdd01,
  author = {Bianca Zadrozny and Charles Elkan},
  title = {Learning and making decisions when costs and probabilities are both
	unknown},
  booktitle = kdd,
  year = {2001},
  pages = {204--213}
}
@inproceedings{zhen:icdm2010,
  author = {Zheng, Yaling and Scott, Stephen and Deng, Kun},
  booktitle = {2010 IEEE International Conference on Data Mining},
  month = dec,
  pages = {639--648},
  publisher = {IEEE},
  shorttitle = {Data Mining (ICDM), 2010 IEEE 10th International C},
  title = {{Active Learning from Multiple Noisy Labelers with Varied Costs}},
  year = {2010}
}

@TECHREPORT{zhu:cmutr02,
  author = {Xiaojin Zhu and Zoubin Ghahramani},
  title = {Learning from labeled and unlabeled data with label propagation},
  institution = {Carnegie Mellon University},
  year = {2002},
  number = {CMU-CALD-02-107}
}

@INPROCEEDINGS{zhu:icml03,
  author = {Xiaojin Zhu and Zoubin Ghahramani and John D. Lafferty},
  title = {Semi-Supervised Learning Using Gaussian Fields and Harmonic Functions},
  booktitle = icml,
  year = {2003},
  pages = {912--919}
}

@INPROCEEDINGS{zhu:icml-wkshop03,
  author = {Xiaojin Zhu and John Lafferty and Zoubin Ghahramani},
  title = {Combining Active Learning and Semi-Supervised Learning Using Gaussian
	Fields and Harmonic Functions},
  booktitle = {ICML workshop on The Continuum from Labeled to Unlabeled Data in
	Machine Learning and Data Mining},
  year = {2003}
}



@BOOK{chapelle:sslbook06,
  title = {Semi-Supervised Learning},
  publisher = {MIT Press},
  year = {2006},
  editor = {Olivier Chapelle and Bernhard Sch{\"o}lkopf and Alexander Zien},
  address = {Cambridge, MA}
}

@PROCEEDINGS{alnlp2010,
  title = {{Proceedings of the Active Learning for NLP (ALNLP) Workshop at NAACL-HLT}},
  year = {2010},
  editor = {Burr Settles and Kevin Small and Katrin Tomanek}
}



